<?xml version="1.0" encoding="utf-8"?>
<record xmlns="http://www.loc.gov/MARC21/slim" xmlns:xsi="http://www.w3.org/2001/XMLSchema-instance"
  xsi:schemaLocation="http://www.loc.gov/MARC21/slim http://www.loc.gov/standards/marcxml/schema/MARC21slim.xsd">
  <leader>04070cam a2200505 i 4500</leader>
  <controlfield tag="001">7285233</controlfield>
  <controlfield tag="005">20130829200348.0</controlfield>
  <controlfield tag="008">130327s2013    caua     b    001 0 eng  </controlfield>
  <datafield tag="010" ind1=" " ind2=" ">
    <subfield code="a">  2013006978</subfield>
  </datafield>
  <datafield tag="035" ind1=" " ind2=" ">
    <subfield code="a">(OCoLC)ocn816512986</subfield>
  </datafield>
  <datafield tag="040" ind1=" " ind2=" ">
    <subfield code="a">DLC</subfield>
    <subfield code="b">eng</subfield>
    <subfield code="e">rda</subfield>
    <subfield code="c">DLC</subfield>
    <subfield code="d">YDX</subfield>
    <subfield code="d">YDXCP</subfield>
    <subfield code="d">BTCTA</subfield>
    <subfield code="d">BDX</subfield>
    <subfield code="d">OCLCO</subfield>
    <subfield code="d">CHVBK</subfield>
    <subfield code="d">MUU</subfield>
  </datafield>
  <datafield tag="019" ind1=" " ind2=" ">
    <subfield code="a">817537028</subfield>
  </datafield>
  <datafield tag="020" ind1=" " ind2=" ">
    <subfield code="a">9781598845198 (pbk. : acid-free paper)</subfield>
  </datafield>
  <datafield tag="020" ind1=" " ind2=" ">
    <subfield code="a">1598845195 (pbk. : acid-free paper)</subfield>
  </datafield>
  <datafield tag="020" ind1=" " ind2=" ">
    <subfield code="z">9781610692915 (ebook)</subfield>
  </datafield>
  <datafield tag="042" ind1=" " ind2=" ">
    <subfield code="a">pcc</subfield>
  </datafield>
  <datafield tag="050" ind1="0" ind2="0">
    <subfield code="a">Z678.93.X54</subfield>
    <subfield code="b">C65 2013</subfield>
  </datafield>
  <datafield tag="082" ind1="0" ind2="0">
    <subfield code="a">006.7/4</subfield>
    <subfield code="2">23</subfield>
  </datafield>
  <datafield tag="084" ind1=" " ind2=" ">
    <subfield code="a">LAN025000</subfield>
    <subfield code="a">LAN025030</subfield>
    <subfield code="2">bisacsh</subfield>
  </datafield>
  <datafield tag="049" ind1=" " ind2=" ">
    <subfield code="a">UIUU</subfield>
  </datafield>
  <datafield tag="100" ind1="1" ind2=" ">
    <subfield code="a">Cole, Timothy W.</subfield>
  </datafield>
  <datafield tag="245" ind1="1" ind2="0">
    <subfield code="a">XML for catalogers and metadata librarians /</subfield>
    <subfield code="c">Timothy W. Cole and Myung-Ja K. Han.</subfield>
  </datafield>
  <datafield tag="264" ind1=" " ind2="1">
    <subfield code="a">Santa Barbara, California  :</subfield>
    <subfield code="b">Libraries Unlimited, an imprint of ABC-CLIO, LLC,</subfield>
    <subfield code="c">[2013]</subfield>
  </datafield>
  <datafield tag="300" ind1=" " ind2=" ">
    <subfield code="a">xiv, 388 pages :</subfield>
    <subfield code="b">illustrations ;</subfield>
    <subfield code="c">26 cm.</subfield>
  </datafield>
  <datafield tag="336" ind1=" " ind2=" ">
    <subfield code="a">text</subfield>
    <subfield code="2">rdacontent</subfield>
  </datafield>
  <datafield tag="337" ind1=" " ind2=" ">
    <subfield code="a">unmediated</subfield>
    <subfield code="2">rdamedia</subfield>
  </datafield>
  <datafield tag="338" ind1=" " ind2=" ">
    <subfield code="a">volume</subfield>
    <subfield code="2">rdacarrier</subfield>
  </datafield>
  <datafield tag="490" ind1="0" ind2=" ">
    <subfield code="a">Third millennium cataloging</subfield>
  </datafield>
  <datafield tag="504" ind1=" " ind2=" ">
    <subfield code="a">Includes bibliographical references and index.</subfield>
  </datafield>
  <datafield tag="520" ind1=" " ind2=" ">
    <subfield code="a">"This book provides a foundation of knowledge for catalogers, metadata librarians, and library school students on the Extensible Markup Language (XML)--one of the most commonly listed qualifications in today's cataloger and metadata librarian job postings. How are today's librarians to manage and describe the ever-expanding volumes of resources, in both digital and print formats? The use of XML in cataloging and metadata workflows can improve metadata quality, the consistency of cataloging workflows, and adherence to standards. This book is intended to enable current and future catalogers and metadata librarians to progress beyond a bare surface-level acquaintance with XML, thereby enabling them to integrate XML technologies more fully into their cataloging workflows. Building on the wealth of work on library descriptive practices, cataloging, and metadata, XML for Catalogers and Metadata Librarians explores the use of XML to serialize, process, share, and manage library catalog and metadata records. The authors' expert treatment of the topic is written to be accessible to those with little or no prior practical knowledge of or experience with how XML is used. Readers will gain an educated appreciation of the nuances of XML and grasp the benefit of more advanced and complex XML techniques as applied to applications relevant to catalogers and metadata librarians."--Publisher's website.</subfield>
  </datafield>
  <datafield tag="505" ind1="0" ind2=" ">
    <subfield code="a">Part 1: Introduction and overview. XML: What is it? ; XML: Why is it important to catalogers and metadata librarians ; XML: Core syntax and grammar. -- Part 2: Structured metadata in XML. MARCXML: Library catalog records ; Other metadata standards in XML: Dublin core, MODS and ONIX ; Interoperable XML: Namespaces, sharable metadata, and application profiles. -- Part 3: Authoring and validating XML. Valid XML (Part 1): Document type definitions ; Valid XML (Part 2): XML schemas ; Advanced XML grammars: Schemes and namespaces, uniqueness, and keys. -- Part 5: Metadata crosswalks, XML transformations and RDF XML. Transforming XML (Part 1): Metadata crosswalking and XPath ; Transforming XML (Part 2): Extensible stylesheet language for transformations ; RDF and XML: Serializing triples (Statements) in XML ; XML and the future of descriptive cataloging.</subfield>
  </datafield>
  <datafield tag="650" ind1=" " ind2="0">
    <subfield code="a">XML (Document markup language)</subfield>
  </datafield>
  <datafield tag="650" ind1=" " ind2="0">
    <subfield code="a">Cataloging</subfield>
    <subfield code="x">Data processing.</subfield>
  </datafield>
  <datafield tag="650" ind1=" " ind2="0">
    <subfield code="a">Metadata.</subfield>
  </datafield>
  <datafield tag="650" ind1=" " ind2="7">
    <subfield code="a">LANGUAGE ARTS &amp; DISCIPLINES / Library &amp; Information Science / General.</subfield>
    <subfield code="2">bisacsh</subfield>
  </datafield>
  <datafield tag="650" ind1=" " ind2="7">
    <subfield code="a">LANGUAGE ARTS &amp; DISCIPLINES / Library &amp; Information Science / Cataloging &amp; Classification.</subfield>
    <subfield code="2">bisacsh</subfield>
  </datafield>
  <datafield tag="650" ind1=" " ind2="7">
    <subfield code="a">XML.</subfield>
    <subfield code="2">gnd</subfield>
  </datafield>
  <datafield tag="650" ind1=" " ind2="7">
    <subfield code="a">Katalogisierung.</subfield>
    <subfield code="2">gnd</subfield>
  </datafield>
  <datafield tag="650" ind1=" " ind2="7">
    <subfield code="a">Metadaten.</subfield>
    <subfield code="2">gnd</subfield>
  </datafield>
  <datafield tag="650" ind1=" " ind2="7">
    <subfield code="a">Datenverarbeitung.</subfield>
    <subfield code="2">gnd</subfield>
  </datafield>
  <datafield tag="700" ind1="1" ind2=" ">
    <subfield code="a">Han, Myung-Ja K.</subfield>
  </datafield>
  <datafield tag="938" ind1=" " ind2=" ">
    <subfield code="a">YBP Library Services</subfield>
    <subfield code="b">YANK</subfield>
    <subfield code="n">9904437</subfield>
  </datafield>
  <datafield tag="938" ind1=" " ind2=" ">
    <subfield code="a">Baker and Taylor</subfield>
    <subfield code="b">BTCP</subfield>
    <subfield code="n">BK0012410207</subfield>
  </datafield>
  <datafield tag="938" ind1=" " ind2=" ">
    <subfield code="a">Brodart</subfield>
    <subfield code="b">BROD</subfield>
    <subfield code="n">104035684</subfield>
  </datafield>
  <datafield tag="994" ind1=" " ind2=" ">
    <subfield code="a">02</subfield>
    <subfield code="b">UIU</subfield>
  </datafield>
</record>
